%YAML 1.1
%TAG !u! tag:unity3d.com,2011:
--- !u!29 &1
OcclusionCullingSettings:
  m_ObjectHideFlags: 0
  serializedVersion: 2
  m_OcclusionBakeSettings:
    smallestOccluder: 5
    smallestHole: 0.25
    backfaceThreshold: 100
  m_SceneGUID: 00000000000000000000000000000000
  m_OcclusionCullingData: {fileID: 0}
--- !u!104 &2
RenderSettings:
  m_ObjectHideFlags: 0
  serializedVersion: 9
  m_Fog: 0
  m_FogColor: {r: 0.5, g: 0.5, b: 0.5, a: 1}
  m_FogMode: 3
  m_FogDensity: 0.01
  m_LinearFogStart: 0
  m_LinearFogEnd: 300
  m_AmbientSkyColor: {r: 0.212, g: 0.227, b: 0.259, a: 1}
  m_AmbientEquatorColor: {r: 0.114, g: 0.125, b: 0.133, a: 1}
  m_AmbientGroundColor: {r: 0.047, g: 0.043, b: 0.035, a: 1}
  m_AmbientIntensity: 1
  m_AmbientMode: 0
  m_SubtractiveShadowColor: {r: 0.42, g: 0.478, b: 0.627, a: 1}
  m_SkyboxMaterial: {fileID: 10304, guid: 0000000000000000f000000000000000, type: 0}
  m_HaloStrength: 0.5
  m_FlareStrength: 1
  m_FlareFadeSpeed: 3
  m_HaloTexture: {fileID: 0}
  m_SpotCookie: {fileID: 10001, guid: 0000000000000000e000000000000000, type: 0}
  m_DefaultReflectionMode: 0
  m_DefaultReflectionResolution: 128
  m_ReflectionBounces: 1
  m_ReflectionIntensity: 1
  m_CustomReflection: {fileID: 0}
  m_Sun: {fileID: 170076734}
  m_IndirectSpecularColor: {r: 0.44657898, g: 0.4964133, b: 0.5748178, a: 1}
  m_UseRadianceAmbientProbe: 0
--- !u!157 &3
LightmapSettings:
  m_ObjectHideFlags: 0
  serializedVersion: 11
  m_GIWorkflowMode: 0
  m_GISettings:
    serializedVersion: 2
    m_BounceScale: 1
    m_IndirectOutputScale: 1
    m_AlbedoBoost: 1
    m_EnvironmentLightingMode: 0
    m_EnableBakedLightmaps: 1
    m_EnableRealtimeLightmaps: 0
  m_LightmapEditorSettings:
    serializedVersion: 10
    m_Resolution: 2
    m_BakeResolution: 10
    m_AtlasSize: 512
    m_AO: 0
    m_AOMaxDistance: 1
    m_CompAOExponent: 1
    m_CompAOExponentDirect: 0
    m_Padding: 2
    m_LightmapParameters: {fileID: 0}
    m_LightmapsBakeMode: 1
    m_TextureCompression: 1
    m_FinalGather: 0
    m_FinalGatherFiltering: 1
    m_FinalGatherRayCount: 256
    m_ReflectionCompression: 2
    m_MixedBakeMode: 2
    m_BakeBackend: 1
    m_PVRSampling: 1
    m_PVRDirectSampleCount: 32
    m_PVRSampleCount: 256
    m_PVRBounces: 2
    m_PVRFilterTypeDirect: 0
    m_PVRFilterTypeIndirect: 0
    m_PVRFilterTypeAO: 0
    m_PVRFilteringMode: 1
    m_PVRCulling: 1
    m_PVRFilteringGaussRadiusDirect: 1
    m_PVRFilteringGaussRadiusIndirect: 5
    m_PVRFilteringGaussRadiusAO: 2
    m_PVRFilteringAtrousPositionSigmaDirect: 0.5
    m_PVRFilteringAtrousPositionSigmaIndirect: 2
    m_PVRFilteringAtrousPositionSigmaAO: 1
    m_ShowResolutionOverlay: 1
  m_LightingDataAsset: {fileID: 0}
  m_UseShadowmask: 1
--- !u!196 &4
NavMeshSettings:
  serializedVersion: 2
  m_ObjectHideFlags: 0
  m_BuildSettings:
    serializedVersion: 2
    agentTypeID: 0
    agentRadius: 0.5
    agentHeight: 2
    agentSlope: 45
    agentClimb: 0.4
    ledgeDropHeight: 0
    maxJumpAcrossDistance: 0
    minRegionArea: 2
    manualCellSize: 0
    cellSize: 0.16666667
    manualTileSize: 0
    tileSize: 256
    accuratePlacement: 0
    debug:
      m_Flags: 0
  m_NavMeshData: {fileID: 0}
--- !u!1 &170076733
GameObject:
  m_ObjectHideFlags: 0
  m_CorrespondingSourceObject: {fileID: 0}
  m_PrefabInstance: {fileID: 0}
  m_PrefabAsset: {fileID: 0}
  serializedVersion: 6
  m_Component:
  - component: {fileID: 170076735}
  - component: {fileID: 170076734}
  m_Layer: 0
  m_Name: Directional Light
  m_TagString: Untagged
  m_Icon: {fileID: 0}
  m_NavMeshLayer: 0
  m_StaticEditorFlags: 0
  m_IsActive: 1
--- !u!108 &170076734
Light:
  m_ObjectHideFlags: 0
  m_CorrespondingSourceObject: {fileID: 0}
  m_PrefabInstance: {fileID: 0}
  m_PrefabAsset: {fileID: 0}
  m_GameObject: {fileID: 170076733}
  m_Enabled: 1
  serializedVersion: 8
  m_Type: 1
  m_Color: {r: 1, g: 0.95686275, b: 0.8392157, a: 1}
  m_Intensity: 1
  m_Range: 10
  m_SpotAngle: 30
  m_CookieSize: 10
  m_Shadows:
    m_Type: 2
    m_Resolution: -1
    m_CustomResolution: -1
    m_Strength: 1
    m_Bias: 0.05
    m_NormalBias: 0.4
    m_NearPlane: 0.2
  m_Cookie: {fileID: 0}
  m_DrawHalo: 0
  m_Flare: {fileID: 0}
  m_RenderMode: 0
  m_CullingMask:
    serializedVersion: 2
    m_Bits: 4294967295
  m_Lightmapping: 1
  m_LightShadowCasterMode: 0
  m_AreaSize: {x: 1, y: 1}
  m_BounceIntensity: 1
  m_ColorTemperature: 6570
  m_UseColorTemperature: 0
  m_ShadowRadius: 0
  m_ShadowAngle: 0
--- !u!4 &170076735
Transform:
  m_ObjectHideFlags: 0
  m_CorrespondingSourceObject: {fileID: 0}
  m_PrefabInstance: {fileID: 0}
  m_PrefabAsset: {fileID: 0}
  m_GameObject: {fileID: 170076733}
  m_LocalRotation: {x: 0.40821788, y: -0.23456968, z: 0.10938163, w: 0.8754261}
  m_LocalPosition: {x: 0, y: 3, z: 0}
  m_LocalScale: {x: 1, y: 1, z: 1}
  m_Children: []
  m_Father: {fileID: 0}
  m_RootOrder: 0
  m_LocalEulerAnglesHint: {x: 50, y: -30, z: 0}
--- !u!1 &472259362
GameObject:
  m_ObjectHideFlags: 0
  m_CorrespondingSourceObject: {fileID: 0}
  m_PrefabInstance: {fileID: 0}
  m_PrefabAsset: {fileID: 0}
  serializedVersion: 6
  m_Component:
  - component: {fileID: 472259366}
  - component: {fileID: 472259365}
  - component: {fileID: 472259364}
  - component: {fileID: 472259363}
  m_Layer: 0
  m_Name: Cube
  m_TagString: Untagged
  m_Icon: {fileID: 0}
  m_NavMeshLayer: 0
  m_StaticEditorFlags: 0
  m_IsActive: 1
--- !u!65 &472259363
BoxCollider:
  m_ObjectHideFlags: 0
  m_CorrespondingSourceObject: {fileID: 0}
  m_PrefabInstance: {fileID: 0}
  m_PrefabAsset: {fileID: 0}
  m_GameObject: {fileID: 472259362}
  m_Material: {fileID: 0}
  m_IsTrigger: 0
  m_Enabled: 1
  serializedVersion: 2
  m_Size: {x: 1, y: 1, z: 1}
  m_Center: {x: 0, y: 0, z: 0}
--- !u!23 &472259364
MeshRenderer:
  m_ObjectHideFlags: 0
  m_CorrespondingSourceObject: {fileID: 0}
  m_PrefabInstance: {fileID: 0}
  m_PrefabAsset: {fileID: 0}
  m_GameObject: {fileID: 472259362}
  m_Enabled: 1
  m_CastShadows: 1
  m_ReceiveShadows: 1
  m_DynamicOccludee: 1
  m_MotionVectors: 1
  m_LightProbeUsage: 1
  m_ReflectionProbeUsage: 1
  m_RenderingLayerMask: 1
  m_RendererPriority: 0
  m_Materials:
  - {fileID: 2100000, guid: c6e6a0f21e2fe2e4f80c7e1c331c472e, type: 2}
  m_StaticBatchInfo:
    firstSubMesh: 0
    subMeshCount: 0
  m_StaticBatchRoot: {fileID: 0}
  m_ProbeAnchor: {fileID: 0}
  m_LightProbeVolumeOverride: {fileID: 0}
  m_ScaleInLightmap: 1
  m_PreserveUVs: 0
  m_IgnoreNormalsForChartDetection: 0
  m_ImportantGI: 0
  m_StitchLightmapSeams: 0
  m_SelectedEditorRenderState: 3
  m_MinimumChartSize: 4
  m_AutoUVMaxDistance: 0.5
  m_AutoUVMaxAngle: 89
  m_LightmapParameters: {fileID: 0}
  m_SortingLayerID: 0
  m_SortingLayer: 0
  m_SortingOrder: 0
--- !u!33 &472259365
MeshFilter:
  m_ObjectHideFlags: 0
  m_CorrespondingSourceObject: {fileID: 0}
  m_PrefabInstance: {fileID: 0}
  m_PrefabAsset: {fileID: 0}
  m_GameObject: {fileID: 472259362}
  m_Mesh: {fileID: 10202, guid: 0000000000000000e000000000000000, type: 0}
--- !u!4 &472259366
Transform:
  m_ObjectHideFlags: 0
  m_CorrespondingSourceObject: {fileID: 0}
  m_PrefabInstance: {fileID: 0}
  m_PrefabAsset: {fileID: 0}
  m_GameObject: {fileID: 472259362}
  m_LocalRotation: {x: 0, y: 0, z: 0, w: 1}
  m_LocalPosition: {x: 0, y: -1, z: 0}
  m_LocalScale: {x: 300, y: 0.1, z: 600}
  m_Children: []
  m_Father: {fileID: 0}
  m_RootOrder: 7
  m_LocalEulerAnglesHint: {x: 0, y: 0, z: 0}
--- !u!1001 &579300933
PrefabInstance:
  m_ObjectHideFlags: 0
  serializedVersion: 2
  m_Modification:
    m_TransformParent: {fileID: 1806661326}
    m_Modifications:
    - target: {fileID: 3166475972338948509, guid: dd8b0850b3c68ff428a60ac2b34d9622,
        type: 3}
      propertyPath: m_LocalPosition.x
      value: 3.1
      objectReference: {fileID: 0}
    - target: {fileID: 3166475972338948509, guid: dd8b0850b3c68ff428a60ac2b34d9622,
        type: 3}
      propertyPath: m_LocalPosition.y
      value: 1.41
      objectReference: {fileID: 0}
    - target: {fileID: 3166475972338948509, guid: dd8b0850b3c68ff428a60ac2b34d9622,
        type: 3}
      propertyPath: m_LocalPosition.z
      value: -2.85
      objectReference: {fileID: 0}
    - target: {fileID: 3166475972338948509, guid: dd8b0850b3c68ff428a60ac2b34d9622,
        type: 3}
      propertyPath: m_LocalRotation.x
      value: -0
      objectReference: {fileID: 0}
    - target: {fileID: 3166475972338948509, guid: dd8b0850b3c68ff428a60ac2b34d9622,
        type: 3}
      propertyPath: m_LocalRotation.y
      value: -0
      objectReference: {fileID: 0}
    - target: {fileID: 3166475972338948509, guid: dd8b0850b3c68ff428a60ac2b34d9622,
        type: 3}
      propertyPath: m_LocalRotation.z
      value: -0
      objectReference: {fileID: 0}
    - target: {fileID: 3166475972338948509, guid: dd8b0850b3c68ff428a60ac2b34d9622,
        type: 3}
      propertyPath: m_LocalRotation.w
      value: 1
      objectReference: {fileID: 0}
    - target: {fileID: 3166475972338948509, guid: dd8b0850b3c68ff428a60ac2b34d9622,
        type: 3}
      propertyPath: m_RootOrder
      value: 5
      objectReference: {fileID: 0}
    - target: {fileID: 3166475972338948509, guid: dd8b0850b3c68ff428a60ac2b34d9622,
        type: 3}
      propertyPath: m_LocalEulerAnglesHint.x
      value: 0
      objectReference: {fileID: 0}
    - target: {fileID: 3166475972338948509, guid: dd8b0850b3c68ff428a60ac2b34d9622,
        type: 3}
      propertyPath: m_LocalEulerAnglesHint.y
      value: 0
      objectReference: {fileID: 0}
    - target: {fileID: 3166475972338948509, guid: dd8b0850b3c68ff428a60ac2b34d9622,
        type: 3}
      propertyPath: m_LocalEulerAnglesHint.z
      value: 0
      objectReference: {fileID: 0}
    - target: {fileID: 3166475972338948508, guid: dd8b0850b3c68ff428a60ac2b34d9622,
        type: 3}
      propertyPath: m_Name
      value: Basic Ranged Enemy (2)
      objectReference: {fileID: 0}
    m_RemovedComponents: []
  m_SourcePrefab: {fileID: 100100000, guid: dd8b0850b3c68ff428a60ac2b34d9622, type: 3}
--- !u!4 &579300934 stripped
Transform:
  m_CorrespondingSourceObject: {fileID: 3166475972338948509, guid: dd8b0850b3c68ff428a60ac2b34d9622,
    type: 3}
  m_PrefabInstance: {fileID: 579300933}
  m_PrefabAsset: {fileID: 0}
--- !u!1 &590362366
GameObject:
  m_ObjectHideFlags: 0
  m_CorrespondingSourceObject: {fileID: 0}
  m_PrefabInstance: {fileID: 0}
  m_PrefabAsset: {fileID: 0}
  serializedVersion: 6
  m_Component:
  - component: {fileID: 590362367}
  m_Layer: 10
  m_Name: SubRoot
  m_TagString: Untagged
  m_Icon: {fileID: 0}
  m_NavMeshLayer: 0
  m_StaticEditorFlags: 0
  m_IsActive: 1
--- !u!4 &590362367
Transform:
  m_ObjectHideFlags: 0
  m_CorrespondingSourceObject: {fileID: 0}
  m_PrefabInstance: {fileID: 0}
  m_PrefabAsset: {fileID: 0}
  m_GameObject: {fileID: 590362366}
  m_LocalRotation: {x: 0, y: 0, z: 0, w: 1}
  m_LocalPosition: {x: 0, y: 0, z: 0}
  m_LocalScale: {x: 1, y: 1, z: 1}
  m_Children:
  - {fileID: 751928980}
  m_Father: {fileID: 1127633705}
  m_RootOrder: 1
  m_LocalEulerAnglesHint: {x: 0, y: 0, z: 0}
--- !u!4 &751928980 stripped
Transform:
  m_CorrespondingSourceObject: {fileID: 4297240287770224932, guid: 571a3761bfa7e7a43a875b85100134dd,
    type: 3}
  m_PrefabInstance: {fileID: 4297240288756670106}
  m_PrefabAsset: {fileID: 0}
--- !u!1001 &774239900
PrefabInstance:
  m_ObjectHideFlags: 0
  serializedVersion: 2
  m_Modification:
    m_TransformParent: {fileID: 0}
    m_Modifications:
    - target: {fileID: 2610742520469639816, guid: 1c61dc1568f4e3d48adf9aaaf33749dd,
        type: 3}
      propertyPath: m_LocalPosition.x
      value: -63.261406
      objectReference: {fileID: 0}
    - target: {fileID: 2610742520469639816, guid: 1c61dc1568f4e3d48adf9aaaf33749dd,
        type: 3}
      propertyPath: m_LocalPosition.y
      value: 0.022
      objectReference: {fileID: 0}
    - target: {fileID: 2610742520469639816, guid: 1c61dc1568f4e3d48adf9aaaf33749dd,
        type: 3}
      propertyPath: m_LocalPosition.z
      value: 0.43569463
      objectReference: {fileID: 0}
    - target: {fileID: 2610742520469639816, guid: 1c61dc1568f4e3d48adf9aaaf33749dd,
        type: 3}
      propertyPath: m_LocalRotation.x
      value: 0
      objectReference: {fileID: 0}
    - target: {fileID: 2610742520469639816, guid: 1c61dc1568f4e3d48adf9aaaf33749dd,
        type: 3}
      propertyPath: m_LocalRotation.y
      value: -0.3432007
      objectReference: {fileID: 0}
    - target: {fileID: 2610742520469639816, guid: 1c61dc1568f4e3d48adf9aaaf33749dd,
        type: 3}
      propertyPath: m_LocalRotation.z
      value: 0
      objectReference: {fileID: 0}
    - target: {fileID: 2610742520469639816, guid: 1c61dc1568f4e3d48adf9aaaf33749dd,
        type: 3}
      propertyPath: m_LocalRotation.w
      value: 0.9392621
      objectReference: {fileID: 0}
    - target: {fileID: 2610742520469639816, guid: 1c61dc1568f4e3d48adf9aaaf33749dd,
        type: 3}
      propertyPath: m_RootOrder
      value: 1
      objectReference: {fileID: 0}
    - target: {fileID: 2610742520469639816, guid: 1c61dc1568f4e3d48adf9aaaf33749dd,
        type: 3}
      propertyPath: m_LocalEulerAnglesHint.x
      value: 0
      objectReference: {fileID: 0}
    - target: {fileID: 2610742520469639816, guid: 1c61dc1568f4e3d48adf9aaaf33749dd,
        type: 3}
      propertyPath: m_LocalEulerAnglesHint.y
      value: -40.144
      objectReference: {fileID: 0}
    - target: {fileID: 2610742520469639816, guid: 1c61dc1568f4e3d48adf9aaaf33749dd,
        type: 3}
      propertyPath: m_LocalEulerAnglesHint.z
      value: 0
      objectReference: {fileID: 0}
    - target: {fileID: 5049358399132042210, guid: 1c61dc1568f4e3d48adf9aaaf33749dd,
        type: 3}
      propertyPath: m_Name
      value: Water
      objectReference: {fileID: 0}
    m_RemovedComponents: []
  m_SourcePrefab: {fileID: 100100000, guid: 1c61dc1568f4e3d48adf9aaaf33749dd, type: 3}
--- !u!1001 &955870883
PrefabInstance:
  m_ObjectHideFlags: 0
  serializedVersion: 2
  m_Modification:
    m_TransformParent: {fileID: 1806661326}
    m_Modifications:
    - target: {fileID: 3166475972338948509, guid: dd8b0850b3c68ff428a60ac2b34d9622,
        type: 3}
      propertyPath: m_LocalPosition.x
      value: -2.8
      objectReference: {fileID: 0}
    - target: {fileID: 3166475972338948509, guid: dd8b0850b3c68ff428a60ac2b34d9622,
        type: 3}
      propertyPath: m_LocalPosition.y
      value: 1.41
      objectReference: {fileID: 0}
    - target: {fileID: 3166475972338948509, guid: dd8b0850b3c68ff428a60ac2b34d9622,
        type: 3}
      propertyPath: m_LocalPosition.z
      value: -1.93
      objectReference: {fileID: 0}
    - target: {fileID: 3166475972338948509, guid: dd8b0850b3c68ff428a60ac2b34d9622,
        type: 3}
      propertyPath: m_LocalRotation.x
      value: -0
      objectReference: {fileID: 0}
    - target: {fileID: 3166475972338948509, guid: dd8b0850b3c68ff428a60ac2b34d9622,
        type: 3}
      propertyPath: m_LocalRotation.y
      value: -0
      objectReference: {fileID: 0}
    - target: {fileID: 3166475972338948509, guid: dd8b0850b3c68ff428a60ac2b34d9622,
        type: 3}
      propertyPath: m_LocalRotation.z
      value: -0
      objectReference: {fileID: 0}
    - target: {fileID: 3166475972338948509, guid: dd8b0850b3c68ff428a60ac2b34d9622,
        type: 3}
      propertyPath: m_LocalRotation.w
      value: 1
      objectReference: {fileID: 0}
    - target: {fileID: 3166475972338948509, guid: dd8b0850b3c68ff428a60ac2b34d9622,
        type: 3}
      propertyPath: m_RootOrder
      value: 4
      objectReference: {fileID: 0}
    - target: {fileID: 3166475972338948509, guid: dd8b0850b3c68ff428a60ac2b34d9622,
        type: 3}
      propertyPath: m_LocalEulerAnglesHint.x
      value: 0
      objectReference: {fileID: 0}
    - target: {fileID: 3166475972338948509, guid: dd8b0850b3c68ff428a60ac2b34d9622,
        type: 3}
      propertyPath: m_LocalEulerAnglesHint.y
      value: 0
      objectReference: {fileID: 0}
    - target: {fileID: 3166475972338948509, guid: dd8b0850b3c68ff428a60ac2b34d9622,
        type: 3}
      propertyPath: m_LocalEulerAnglesHint.z
      value: 0
      objectReference: {fileID: 0}
    - target: {fileID: 3166475972338948508, guid: dd8b0850b3c68ff428a60ac2b34d9622,
        type: 3}
      propertyPath: m_Name
      value: Basic Ranged Enemy (1)
      objectReference: {fileID: 0}
    m_RemovedComponents: []
  m_SourcePrefab: {fileID: 100100000, guid: dd8b0850b3c68ff428a60ac2b34d9622, type: 3}
--- !u!4 &955870884 stripped
Transform:
  m_CorrespondingSourceObject: {fileID: 3166475972338948509, guid: dd8b0850b3c68ff428a60ac2b34d9622,
    type: 3}
  m_PrefabInstance: {fileID: 955870883}
  m_PrefabAsset: {fileID: 0}
--- !u!1 &1042128690
GameObject:
  m_ObjectHideFlags: 0
  m_CorrespondingSourceObject: {fileID: 0}
  m_PrefabInstance: {fileID: 0}
  m_PrefabAsset: {fileID: 0}
  serializedVersion: 6
  m_Component:
  - component: {fileID: 1042128691}
  - component: {fileID: 1042128694}
  - component: {fileID: 1042128693}
  - component: {fileID: 1042128692}
  m_Layer: 0
  m_Name: Chest
  m_TagString: Untagged
  m_Icon: {fileID: 0}
  m_NavMeshLayer: 0
  m_StaticEditorFlags: 0
  m_IsActive: 1
--- !u!4 &1042128691
Transform:
  m_ObjectHideFlags: 0
  m_CorrespondingSourceObject: {fileID: 0}
  m_PrefabInstance: {fileID: 0}
  m_PrefabAsset: {fileID: 0}
  m_GameObject: {fileID: 1042128690}
  m_LocalRotation: {x: 0.001097967, y: -0.0021184937, z: 0.00051665376, w: 0.999997}
  m_LocalPosition: {x: 3.4809952, y: 0.45200002, z: -7.0439997}
  m_LocalScale: {x: 0.8, y: 0.8, z: 1.5}
  m_Children: []
  m_Father: {fileID: 1806661326}
  m_RootOrder: 6
  m_LocalEulerAnglesHint: {x: 0.126, y: -0.24300002, z: 0.059000004}
--- !u!65 &1042128692
BoxCollider:
  m_ObjectHideFlags: 0
  m_CorrespondingSourceObject: {fileID: 0}
  m_PrefabInstance: {fileID: 0}
  m_PrefabAsset: {fileID: 0}
  m_GameObject: {fileID: 1042128690}
  m_Material: {fileID: 0}
  m_IsTrigger: 0
  m_Enabled: 1
  serializedVersion: 2
  m_Size: {x: 1, y: 1, z: 1}
  m_Center: {x: 0, y: 0, z: 0}
--- !u!23 &1042128693
MeshRenderer:
  m_ObjectHideFlags: 0
  m_CorrespondingSourceObject: {fileID: 0}
  m_PrefabInstance: {fileID: 0}
  m_PrefabAsset: {fileID: 0}
  m_GameObject: {fileID: 1042128690}
  m_Enabled: 1
  m_CastShadows: 1
  m_ReceiveShadows: 1
  m_DynamicOccludee: 1
  m_MotionVectors: 1
  m_LightProbeUsage: 1
  m_ReflectionProbeUsage: 1
  m_RenderingLayerMask: 1
  m_RendererPriority: 0
  m_Materials:
  - {fileID: 10303, guid: 0000000000000000f000000000000000, type: 0}
  m_StaticBatchInfo:
    firstSubMesh: 0
    subMeshCount: 0
  m_StaticBatchRoot: {fileID: 0}
  m_ProbeAnchor: {fileID: 0}
  m_LightProbeVolumeOverride: {fileID: 0}
  m_ScaleInLightmap: 1
  m_PreserveUVs: 0
  m_IgnoreNormalsForChartDetection: 0
  m_ImportantGI: 0
  m_StitchLightmapSeams: 0
  m_SelectedEditorRenderState: 3
  m_MinimumChartSize: 4
  m_AutoUVMaxDistance: 0.5
  m_AutoUVMaxAngle: 89
  m_LightmapParameters: {fileID: 0}
  m_SortingLayerID: 0
  m_SortingLayer: 0
  m_SortingOrder: 0
--- !u!33 &1042128694
MeshFilter:
  m_ObjectHideFlags: 0
  m_CorrespondingSourceObject: {fileID: 0}
  m_PrefabInstance: {fileID: 0}
  m_PrefabAsset: {fileID: 0}
  m_GameObject: {fileID: 1042128690}
  m_Mesh: {fileID: 10202, guid: 0000000000000000e000000000000000, type: 0}
--- !u!1001 &1112168737
PrefabInstance:
  m_ObjectHideFlags: 0
  serializedVersion: 2
  m_Modification:
    m_TransformParent: {fileID: 0}
    m_Modifications:
    - target: {fileID: 3297744562720607409, guid: a4da25953486ede4b93ef71123571ff9,
        type: 3}
      propertyPath: m_LocalPosition.x
      value: -63.2622
      objectReference: {fileID: 0}
    - target: {fileID: 3297744562720607409, guid: a4da25953486ede4b93ef71123571ff9,
        type: 3}
      propertyPath: m_LocalPosition.y
      value: -0.086
      objectReference: {fileID: 0}
    - target: {fileID: 3297744562720607409, guid: a4da25953486ede4b93ef71123571ff9,
        type: 3}
      propertyPath: m_LocalPosition.z
      value: 0.9778296
      objectReference: {fileID: 0}
    - target: {fileID: 3297744562720607409, guid: a4da25953486ede4b93ef71123571ff9,
        type: 3}
      propertyPath: m_LocalRotation.x
      value: 0
      objectReference: {fileID: 0}
    - target: {fileID: 3297744562720607409, guid: a4da25953486ede4b93ef71123571ff9,
        type: 3}
      propertyPath: m_LocalRotation.y
      value: -0.3432007
      objectReference: {fileID: 0}
    - target: {fileID: 3297744562720607409, guid: a4da25953486ede4b93ef71123571ff9,
        type: 3}
      propertyPath: m_LocalRotation.z
      value: 0
      objectReference: {fileID: 0}
    - target: {fileID: 3297744562720607409, guid: a4da25953486ede4b93ef71123571ff9,
        type: 3}
      propertyPath: m_LocalRotation.w
      value: 0.9392621
      objectReference: {fileID: 0}
    - target: {fileID: 3297744562720607409, guid: a4da25953486ede4b93ef71123571ff9,
        type: 3}
      propertyPath: m_RootOrder
      value: 2
      objectReference: {fileID: 0}
    - target: {fileID: 3297744562720607409, guid: a4da25953486ede4b93ef71123571ff9,
        type: 3}
      propertyPath: m_LocalEulerAnglesHint.x
      value: 0
      objectReference: {fileID: 0}
    - target: {fileID: 3297744562720607409, guid: a4da25953486ede4b93ef71123571ff9,
        type: 3}
      propertyPath: m_LocalEulerAnglesHint.y
      value: -40.144
      objectReference: {fileID: 0}
    - target: {fileID: 3297744562720607409, guid: a4da25953486ede4b93ef71123571ff9,
        type: 3}
      propertyPath: m_LocalEulerAnglesHint.z
      value: 0
      objectReference: {fileID: 0}
    - target: {fileID: 5758456847666208219, guid: a4da25953486ede4b93ef71123571ff9,
        type: 3}
      propertyPath: m_Name
      value: Food
      objectReference: {fileID: 0}
    m_RemovedComponents: []
  m_SourcePrefab: {fileID: 100100000, guid: a4da25953486ede4b93ef71123571ff9, type: 3}
--- !u!1 &1127633704
GameObject:
  m_ObjectHideFlags: 0
  m_CorrespondingSourceObject: {fileID: 0}
  m_PrefabInstance: {fileID: 0}
  m_PrefabAsset: {fileID: 0}
  serializedVersion: 6
  m_Component:
  - component: {fileID: 1127633705}
  - component: {fileID: 1127633706}
  - component: {fileID: 1127633707}
  m_Layer: 10
  m_Name: Mech Root
  m_TagString: Exterior Mech
  m_Icon: {fileID: 0}
  m_NavMeshLayer: 0
  m_StaticEditorFlags: 0
  m_IsActive: 1
--- !u!4 &1127633705
Transform:
  m_ObjectHideFlags: 0
  m_CorrespondingSourceObject: {fileID: 0}
  m_PrefabInstance: {fileID: 0}
  m_PrefabAsset: {fileID: 0}
  m_GameObject: {fileID: 1127633704}
  m_LocalRotation: {x: 0, y: 0, z: 0, w: 1}
  m_LocalPosition: {x: 0, y: -1, z: 0}
  m_LocalScale: {x: 1, y: 1, z: 1}
  m_Children:
  - {fileID: 1966711172}
  - {fileID: 590362367}
  m_Father: {fileID: 0}
  m_RootOrder: 8
  m_LocalEulerAnglesHint: {x: 0, y: 0, z: 0}
--- !u!114 &1127633706
MonoBehaviour:
  m_ObjectHideFlags: 0
  m_CorrespondingSourceObject: {fileID: 0}
  m_PrefabInstance: {fileID: 0}
  m_PrefabAsset: {fileID: 0}
  m_GameObject: {fileID: 1127633704}
  m_Enabled: 1
  m_EditorHideFlags: 0
  m_Script: {fileID: 11500000, guid: cc752591f9a62fb4ca6f6f44fc4505ea, type: 3}
  m_Name: 
  m_EditorClassIdentifier: 
  metersPerSecond: 1
  bounceSection: {fileID: 590362367}
--- !u!114 &1127633707
MonoBehaviour:
  m_ObjectHideFlags: 0
  m_CorrespondingSourceObject: {fileID: 0}
  m_PrefabInstance: {fileID: 0}
  m_PrefabAsset: {fileID: 0}
  m_GameObject: {fileID: 1127633704}
  m_Enabled: 1
  m_EditorHideFlags: 0
  m_Script: {fileID: 11500000, guid: d6e68c68f0b82e74f86c767e5df6577f, type: 3}
  m_Name: 
  m_EditorClassIdentifier: 
  hideSection: {fileID: 590362366}
--- !u!1 &1586242665
GameObject:
  m_ObjectHideFlags: 0
  m_CorrespondingSourceObject: {fileID: 0}
  m_PrefabInstance: {fileID: 0}
  m_PrefabAsset: {fileID: 0}
  serializedVersion: 6
  m_Component:
  - component: {fileID: 1586242666}
  m_Layer: 0
  m_Name: Teleport Root
  m_TagString: Exterior Root
  m_Icon: {fileID: 0}
  m_NavMeshLayer: 0
  m_StaticEditorFlags: 0
  m_IsActive: 1
--- !u!4 &1586242666
Transform:
  m_ObjectHideFlags: 0
  m_CorrespondingSourceObject: {fileID: 0}
  m_PrefabInstance: {fileID: 0}
  m_PrefabAsset: {fileID: 0}
  m_GameObject: {fileID: 1586242665}
  m_LocalRotation: {x: 0, y: 0, z: 0, w: 1}
  m_LocalPosition: {x: 0, y: 0, z: 0}
  m_LocalScale: {x: 1, y: 1, z: 1}
  m_Children: []
  m_Father: {fileID: 0}
  m_RootOrder: 9
  m_LocalEulerAnglesHint: {x: 0, y: 0, z: 0}
--- !u!1001 &1604028667
PrefabInstance:
  m_ObjectHideFlags: 0
  serializedVersion: 2
  m_Modification:
    m_TransformParent: {fileID: 1806661326}
    m_Modifications:
    - target: {fileID: 3166475972338948509, guid: dd8b0850b3c68ff428a60ac2b34d9622,
        type: 3}
      propertyPath: m_LocalPosition.x
      value: 0.34609222
      objectReference: {fileID: 0}
    - target: {fileID: 3166475972338948509, guid: dd8b0850b3c68ff428a60ac2b34d9622,
        type: 3}
      propertyPath: m_LocalPosition.y
      value: 1.41
      objectReference: {fileID: 0}
    - target: {fileID: 3166475972338948509, guid: dd8b0850b3c68ff428a60ac2b34d9622,
        type: 3}
      propertyPath: m_LocalPosition.z
      value: -4.915478
      objectReference: {fileID: 0}
    - target: {fileID: 3166475972338948509, guid: dd8b0850b3c68ff428a60ac2b34d9622,
        type: 3}
      propertyPath: m_LocalRotation.x
      value: -0
      objectReference: {fileID: 0}
    - target: {fileID: 3166475972338948509, guid: dd8b0850b3c68ff428a60ac2b34d9622,
        type: 3}
      propertyPath: m_LocalRotation.y
      value: -0
      objectReference: {fileID: 0}
    - target: {fileID: 3166475972338948509, guid: dd8b0850b3c68ff428a60ac2b34d9622,
        type: 3}
      propertyPath: m_LocalRotation.z
      value: -0
      objectReference: {fileID: 0}
    - target: {fileID: 3166475972338948509, guid: dd8b0850b3c68ff428a60ac2b34d9622,
        type: 3}
      propertyPath: m_LocalRotation.w
      value: 1
      objectReference: {fileID: 0}
    - target: {fileID: 3166475972338948509, guid: dd8b0850b3c68ff428a60ac2b34d9622,
        type: 3}
      propertyPath: m_RootOrder
      value: 3
      objectReference: {fileID: 0}
    - target: {fileID: 3166475972338948509, guid: dd8b0850b3c68ff428a60ac2b34d9622,
        type: 3}
      propertyPath: m_LocalEulerAnglesHint.x
      value: 0
      objectReference: {fileID: 0}
    - target: {fileID: 3166475972338948509, guid: dd8b0850b3c68ff428a60ac2b34d9622,
        type: 3}
      propertyPath: m_LocalEulerAnglesHint.y
      value: 0
      objectReference: {fileID: 0}
    - target: {fileID: 3166475972338948509, guid: dd8b0850b3c68ff428a60ac2b34d9622,
        type: 3}
      propertyPath: m_LocalEulerAnglesHint.z
      value: 0
      objectReference: {fileID: 0}
    - target: {fileID: 3166475972338948508, guid: dd8b0850b3c68ff428a60ac2b34d9622,
        type: 3}
      propertyPath: m_Name
      value: Basic Ranged Enemy
      objectReference: {fileID: 0}
    m_RemovedComponents: []
  m_SourcePrefab: {fileID: 100100000, guid: dd8b0850b3c68ff428a60ac2b34d9622, type: 3}
--- !u!4 &1604028668 stripped
Transform:
  m_CorrespondingSourceObject: {fileID: 3166475972338948509, guid: dd8b0850b3c68ff428a60ac2b34d9622,
    type: 3}
  m_PrefabInstance: {fileID: 1604028667}
  m_PrefabAsset: {fileID: 0}
--- !u!1 &1806661325
GameObject:
  m_ObjectHideFlags: 0
  m_CorrespondingSourceObject: {fileID: 0}
  m_PrefabInstance: {fileID: 0}
  m_PrefabAsset: {fileID: 0}
  serializedVersion: 6
  m_Component:
  - component: {fileID: 1806661326}
  m_Layer: 0
  m_Name: Enemy Camp Root
  m_TagString: Untagged
  m_Icon: {fileID: 0}
  m_NavMeshLayer: 0
  m_StaticEditorFlags: 0
  m_IsActive: 1
--- !u!4 &1806661326
Transform:
  m_ObjectHideFlags: 0
  m_CorrespondingSourceObject: {fileID: 0}
  m_PrefabInstance: {fileID: 0}
  m_PrefabAsset: {fileID: 0}
  m_GameObject: {fileID: 1806661325}
  m_LocalRotation: {x: 0, y: 0, z: 0, w: 1}
  m_LocalPosition: {x: -66.7, y: -1, z: 7.7}
  m_LocalScale: {x: 1, y: 1, z: 1}
  m_Children:
  - {fileID: 1866871655}
  - {fileID: 1850872953}
  - {fileID: 2074847865}
  - {fileID: 1604028668}
  - {fileID: 955870884}
  - {fileID: 579300934}
  - {fileID: 1042128691}
  m_Father: {fileID: 0}
  m_RootOrder: 11
  m_LocalEulerAnglesHint: {x: 0, y: 0, z: 0}
--- !u!1 &1844811112
GameObject:
  m_ObjectHideFlags: 0
  m_CorrespondingSourceObject: {fileID: 0}
  m_PrefabInstance: {fileID: 0}
  m_PrefabAsset: {fileID: 0}
  serializedVersion: 6
  m_Component:
  - component: {fileID: 1844811116}
  - component: {fileID: 1844811115}
  - component: {fileID: 1844811114}
  - component: {fileID: 1844811113}
  m_Layer: 0
  m_Name: Ramp
  m_TagString: Untagged
  m_Icon: {fileID: 0}
  m_NavMeshLayer: 0
  m_StaticEditorFlags: 0
  m_IsActive: 0
--- !u!65 &1844811113
BoxCollider:
  m_ObjectHideFlags: 0
  m_CorrespondingSourceObject: {fileID: 0}
  m_PrefabInstance: {fileID: 0}
  m_PrefabAsset: {fileID: 0}
  m_GameObject: {fileID: 1844811112}
  m_Material: {fileID: 0}
  m_IsTrigger: 0
  m_Enabled: 1
  serializedVersion: 2
  m_Size: {x: 1, y: 1, z: 1}
  m_Center: {x: 0, y: 0, z: 0}
--- !u!23 &1844811114
MeshRenderer:
  m_ObjectHideFlags: 0
  m_CorrespondingSourceObject: {fileID: 0}
  m_PrefabInstance: {fileID: 0}
  m_PrefabAsset: {fileID: 0}
  m_GameObject: {fileID: 1844811112}
  m_Enabled: 1
  m_CastShadows: 1
  m_ReceiveShadows: 1
  m_DynamicOccludee: 1
  m_MotionVectors: 1
  m_LightProbeUsage: 1
  m_ReflectionProbeUsage: 1
  m_RenderingLayerMask: 1
  m_RendererPriority: 0
  m_Materials:
  - {fileID: 10303, guid: 0000000000000000f000000000000000, type: 0}
  m_StaticBatchInfo:
    firstSubMesh: 0
    subMeshCount: 0
  m_StaticBatchRoot: {fileID: 0}
  m_ProbeAnchor: {fileID: 0}
  m_LightProbeVolumeOverride: {fileID: 0}
  m_ScaleInLightmap: 1
  m_PreserveUVs: 0
  m_IgnoreNormalsForChartDetection: 0
  m_ImportantGI: 0
  m_StitchLightmapSeams: 0
  m_SelectedEditorRenderState: 3
  m_MinimumChartSize: 4
  m_AutoUVMaxDistance: 0.5
  m_AutoUVMaxAngle: 89
  m_LightmapParameters: {fileID: 0}
  m_SortingLayerID: 0
  m_SortingLayer: 0
  m_SortingOrder: 0
--- !u!33 &1844811115
MeshFilter:
  m_ObjectHideFlags: 0
  m_CorrespondingSourceObject: {fileID: 0}
  m_PrefabInstance: {fileID: 0}
  m_PrefabAsset: {fileID: 0}
  m_GameObject: {fileID: 1844811112}
  m_Mesh: {fileID: 10202, guid: 0000000000000000e000000000000000, type: 0}
--- !u!4 &1844811116
Transform:
  m_ObjectHideFlags: 0
  m_CorrespondingSourceObject: {fileID: 0}
  m_PrefabInstance: {fileID: 0}
  m_PrefabAsset: {fileID: 0}
  m_GameObject: {fileID: 1844811112}
  m_LocalRotation: {x: 0.38268343, y: 0, z: 0, w: 0.92387956}
  m_LocalPosition: {x: 16.78, y: 1.64, z: 7.5}
  m_LocalScale: {x: 5, y: 1, z: 9}
  m_Children: []
  m_Father: {fileID: 0}
  m_RootOrder: 10
  m_LocalEulerAnglesHint: {x: 45, y: 0, z: 0}
--- !u!1 &1850872952
GameObject:
  m_ObjectHideFlags: 0
  m_CorrespondingSourceObject: {fileID: 0}
  m_PrefabInstance: {fileID: 0}
  m_PrefabAsset: {fileID: 0}
  serializedVersion: 6
  m_Component:
  - component: {fileID: 1850872953}
  - component: {fileID: 1850872956}
  - component: {fileID: 1850872955}
  - component: {fileID: 1850872954}
  m_Layer: 0
  m_Name: Tent (1)
  m_TagString: Untagged
  m_Icon: {fileID: 0}
  m_NavMeshLayer: 0
  m_StaticEditorFlags: 0
  m_IsActive: 1
--- !u!4 &1850872953
Transform:
  m_ObjectHideFlags: 0
  m_CorrespondingSourceObject: {fileID: 0}
  m_PrefabInstance: {fileID: 0}
  m_PrefabAsset: {fileID: 0}
  m_GameObject: {fileID: 1850872952}
  m_LocalRotation: {x: -0.1464466, y: -0.35355338, z: 0.35355338, w: 0.8535535}
  m_LocalPosition: {x: 8.11, y: 0, z: -5.88}
  m_LocalScale: {x: 5, y: 5, z: 5}
  m_Children: []
  m_Father: {fileID: 1806661326}
  m_RootOrder: 1
  m_LocalEulerAnglesHint: {x: 0, y: -45, z: 45}
--- !u!65 &1850872954
BoxCollider:
  m_ObjectHideFlags: 0
  m_CorrespondingSourceObject: {fileID: 0}
  m_PrefabInstance: {fileID: 0}
  m_PrefabAsset: {fileID: 0}
  m_GameObject: {fileID: 1850872952}
  m_Material: {fileID: 0}
  m_IsTrigger: 0
  m_Enabled: 1
  serializedVersion: 2
  m_Size: {x: 1, y: 1, z: 1}
  m_Center: {x: 0, y: 0, z: 0}
--- !u!23 &1850872955
MeshRenderer:
  m_ObjectHideFlags: 0
  m_CorrespondingSourceObject: {fileID: 0}
  m_PrefabInstance: {fileID: 0}
  m_PrefabAsset: {fileID: 0}
  m_GameObject: {fileID: 1850872952}
  m_Enabled: 1
  m_CastShadows: 1
  m_ReceiveShadows: 1
  m_DynamicOccludee: 1
  m_MotionVectors: 1
  m_LightProbeUsage: 1
  m_ReflectionProbeUsage: 1
  m_RenderingLayerMask: 1
  m_RendererPriority: 0
  m_Materials:
  - {fileID: 10303, guid: 0000000000000000f000000000000000, type: 0}
  m_StaticBatchInfo:
    firstSubMesh: 0
    subMeshCount: 0
  m_StaticBatchRoot: {fileID: 0}
  m_ProbeAnchor: {fileID: 0}
  m_LightProbeVolumeOverride: {fileID: 0}
  m_ScaleInLightmap: 1
  m_PreserveUVs: 0
  m_IgnoreNormalsForChartDetection: 0
  m_ImportantGI: 0
  m_StitchLightmapSeams: 0
  m_SelectedEditorRenderState: 3
  m_MinimumChartSize: 4
  m_AutoUVMaxDistance: 0.5
  m_AutoUVMaxAngle: 89
  m_LightmapParameters: {fileID: 0}
  m_SortingLayerID: 0
  m_SortingLayer: 0
  m_SortingOrder: 0
--- !u!33 &1850872956
MeshFilter:
  m_ObjectHideFlags: 0
  m_CorrespondingSourceObject: {fileID: 0}
  m_PrefabInstance: {fileID: 0}
  m_PrefabAsset: {fileID: 0}
  m_GameObject: {fileID: 1850872952}
  m_Mesh: {fileID: 10202, guid: 0000000000000000e000000000000000, type: 0}
--- !u!1 &1866871654
GameObject:
  m_ObjectHideFlags: 0
  m_CorrespondingSourceObject: {fileID: 0}
  m_PrefabInstance: {fileID: 0}
  m_PrefabAsset: {fileID: 0}
  serializedVersion: 6
  m_Component:
  - component: {fileID: 1866871655}
  - component: {fileID: 1866871658}
  - component: {fileID: 1866871657}
  - component: {fileID: 1866871656}
  m_Layer: 0
  m_Name: Tent
  m_TagString: Untagged
  m_Icon: {fileID: 0}
  m_NavMeshLayer: 0
  m_StaticEditorFlags: 0
  m_IsActive: 1
--- !u!4 &1866871655
Transform:
  m_ObjectHideFlags: 0
  m_CorrespondingSourceObject: {fileID: 0}
  m_PrefabInstance: {fileID: 0}
  m_PrefabAsset: {fileID: 0}
  m_GameObject: {fileID: 1866871654}
  m_LocalRotation: {x: 0, y: 0, z: 0.38268343, w: 0.92387956}
  m_LocalPosition: {x: -1.83, y: 0, z: -10.79}
  m_LocalScale: {x: 5, y: 5, z: 5}
  m_Children: []
  m_Father: {fileID: 1806661326}
  m_RootOrder: 0
  m_LocalEulerAnglesHint: {x: 0, y: 0, z: 45}
--- !u!65 &1866871656
BoxCollider:
  m_ObjectHideFlags: 0
  m_CorrespondingSourceObject: {fileID: 0}
  m_PrefabInstance: {fileID: 0}
  m_PrefabAsset: {fileID: 0}
  m_GameObject: {fileID: 1866871654}
  m_Material: {fileID: 0}
  m_IsTrigger: 0
  m_Enabled: 1
  serializedVersion: 2
  m_Size: {x: 1, y: 1, z: 1}
  m_Center: {x: 0, y: 0, z: 0}
--- !u!23 &1866871657
MeshRenderer:
  m_ObjectHideFlags: 0
  m_CorrespondingSourceObject: {fileID: 0}
  m_PrefabInstance: {fileID: 0}
  m_PrefabAsset: {fileID: 0}
  m_GameObject: {fileID: 1866871654}
  m_Enabled: 1
  m_CastShadows: 1
  m_ReceiveShadows: 1
  m_DynamicOccludee: 1
  m_MotionVectors: 1
  m_LightProbeUsage: 1
  m_ReflectionProbeUsage: 1
  m_RenderingLayerMask: 1
  m_RendererPriority: 0
  m_Materials:
  - {fileID: 10303, guid: 0000000000000000f000000000000000, type: 0}
  m_StaticBatchInfo:
    firstSubMesh: 0
    subMeshCount: 0
  m_StaticBatchRoot: {fileID: 0}
  m_ProbeAnchor: {fileID: 0}
  m_LightProbeVolumeOverride: {fileID: 0}
  m_ScaleInLightmap: 1
  m_PreserveUVs: 0
  m_IgnoreNormalsForChartDetection: 0
  m_ImportantGI: 0
  m_StitchLightmapSeams: 0
  m_SelectedEditorRenderState: 3
  m_MinimumChartSize: 4
  m_AutoUVMaxDistance: 0.5
  m_AutoUVMaxAngle: 89
  m_LightmapParameters: {fileID: 0}
  m_SortingLayerID: 0
  m_SortingLayer: 0
  m_SortingOrder: 0
--- !u!33 &1866871658
MeshFilter:
  m_ObjectHideFlags: 0
  m_CorrespondingSourceObject: {fileID: 0}
  m_PrefabInstance: {fileID: 0}
  m_PrefabAsset: {fileID: 0}
  m_GameObject: {fileID: 1866871654}
  m_Mesh: {fileID: 10202, guid: 0000000000000000e000000000000000, type: 0}
--- !u!1 &1966711171
GameObject:
  m_ObjectHideFlags: 0
  m_CorrespondingSourceObject: {fileID: 0}
  m_PrefabInstance: {fileID: 0}
  m_PrefabAsset: {fileID: 0}
  serializedVersion: 6
  m_Component:
  - component: {fileID: 1966711172}
  - component: {fileID: 1966711174}
  - component: {fileID: 1966711173}
  m_Layer: 0
  m_Name: CockpitTrigger
  m_TagString: Untagged
  m_Icon: {fileID: 0}
  m_NavMeshLayer: 0
  m_StaticEditorFlags: 0
  m_IsActive: 1
--- !u!4 &1966711172
Transform:
  m_ObjectHideFlags: 0
  m_CorrespondingSourceObject: {fileID: 0}
  m_PrefabInstance: {fileID: 0}
  m_PrefabAsset: {fileID: 0}
  m_GameObject: {fileID: 1966711171}
  m_LocalRotation: {x: -0, y: -0, z: -0, w: 1}
  m_LocalPosition: {x: 0, y: 5.42, z: 0}
  m_LocalScale: {x: 1, y: 1, z: 1}
  m_Children: []
  m_Father: {fileID: 1127633705}
  m_RootOrder: 0
  m_LocalEulerAnglesHint: {x: 0, y: 0, z: 0}
--- !u!114 &1966711173
MonoBehaviour:
  m_ObjectHideFlags: 0
  m_CorrespondingSourceObject: {fileID: 0}
  m_PrefabInstance: {fileID: 0}
  m_PrefabAsset: {fileID: 0}
  m_GameObject: {fileID: 1966711171}
  m_Enabled: 1
  m_EditorHideFlags: 0
  m_Script: {fileID: 11500000, guid: e75bb886fdd584e40b7b601664398e85, type: 3}
  m_Name: 
  m_EditorClassIdentifier: 
  allowEnter: 1
  allowLeave: 0
--- !u!65 &1966711174
BoxCollider:
  m_ObjectHideFlags: 0
  m_CorrespondingSourceObject: {fileID: 0}
  m_PrefabInstance: {fileID: 0}
  m_PrefabAsset: {fileID: 0}
  m_GameObject: {fileID: 1966711171}
  m_Material: {fileID: 0}
  m_IsTrigger: 1
  m_Enabled: 1
  serializedVersion: 2
  m_Size: {x: 5, y: 4.6227007, z: 7}
  m_Center: {x: 0, y: 0.81135035, z: 0}
--- !u!1 &2074847864
GameObject:
  m_ObjectHideFlags: 0
  m_CorrespondingSourceObject: {fileID: 0}
  m_PrefabInstance: {fileID: 0}
  m_PrefabAsset: {fileID: 0}
  serializedVersion: 6
  m_Component:
  - component: {fileID: 2074847865}
  - component: {fileID: 2074847868}
  - component: {fileID: 2074847867}
  - component: {fileID: 2074847866}
  m_Layer: 0
  m_Name: Fire
  m_TagString: Untagged
  m_Icon: {fileID: 0}
  m_NavMeshLayer: 0
  m_StaticEditorFlags: 0
  m_IsActive: 1
--- !u!4 &2074847865
Transform:
  m_ObjectHideFlags: 0
  m_CorrespondingSourceObject: {fileID: 0}
  m_PrefabInstance: {fileID: 0}
  m_PrefabAsset: {fileID: 0}
  m_GameObject: {fileID: 2074847864}
  m_LocalRotation: {x: 0, y: 0, z: 0, w: 1}
  m_LocalPosition: {x: -0.6, y: 0, z: 0.58}
  m_LocalScale: {x: 2, y: 0.1, z: 2}
  m_Children: []
  m_Father: {fileID: 1806661326}
  m_RootOrder: 2
  m_LocalEulerAnglesHint: {x: 0, y: 0, z: 0}
--- !u!136 &2074847866
CapsuleCollider:
  m_ObjectHideFlags: 0
  m_CorrespondingSourceObject: {fileID: 0}
  m_PrefabInstance: {fileID: 0}
  m_PrefabAsset: {fileID: 0}
  m_GameObject: {fileID: 2074847864}
  m_Material: {fileID: 0}
  m_IsTrigger: 0
  m_Enabled: 1
  m_Radius: 0.5000001
  m_Height: 2
  m_Direction: 1
  m_Center: {x: 0.000000059604645, y: 0, z: -0.00000008940697}
--- !u!23 &2074847867
MeshRenderer:
  m_ObjectHideFlags: 0
  m_CorrespondingSourceObject: {fileID: 0}
  m_PrefabInstance: {fileID: 0}
  m_PrefabAsset: {fileID: 0}
  m_GameObject: {fileID: 2074847864}
  m_Enabled: 1
  m_CastShadows: 1
  m_ReceiveShadows: 1
  m_DynamicOccludee: 1
  m_MotionVectors: 1
  m_LightProbeUsage: 1
  m_ReflectionProbeUsage: 1
  m_RenderingLayerMask: 1
  m_RendererPriority: 0
  m_Materials:
  - {fileID: 10303, guid: 0000000000000000f000000000000000, type: 0}
  m_StaticBatchInfo:
    firstSubMesh: 0
    subMeshCount: 0
  m_StaticBatchRoot: {fileID: 0}
  m_ProbeAnchor: {fileID: 0}
  m_LightProbeVolumeOverride: {fileID: 0}
  m_ScaleInLightmap: 1
  m_PreserveUVs: 0
  m_IgnoreNormalsForChartDetection: 0
  m_ImportantGI: 0
  m_StitchLightmapSeams: 0
  m_SelectedEditorRenderState: 3
  m_MinimumChartSize: 4
  m_AutoUVMaxDistance: 0.5
  m_AutoUVMaxAngle: 89
  m_LightmapParameters: {fileID: 0}
  m_SortingLayerID: 0
  m_SortingLayer: 0
  m_SortingOrder: 0
--- !u!33 &2074847868
MeshFilter:
  m_ObjectHideFlags: 0
  m_CorrespondingSourceObject: {fileID: 0}
  m_PrefabInstance: {fileID: 0}
  m_PrefabAsset: {fileID: 0}
  m_GameObject: {fileID: 2074847864}
  m_Mesh: {fileID: 10206, guid: 0000000000000000e000000000000000, type: 0}
--- !u!1001 &2260803378727904451
PrefabInstance:
  m_ObjectHideFlags: 0
  serializedVersion: 2
  m_Modification:
    m_TransformParent: {fileID: 0}
    m_Modifications:
    - target: {fileID: 215478478143996301, guid: 853aa29331c2d104abe6d4e2457eaa40,
        type: 3}
      propertyPath: m_LocalPosition.x
      value: 0
      objectReference: {fileID: 0}
    - target: {fileID: 215478478143996301, guid: 853aa29331c2d104abe6d4e2457eaa40,
        type: 3}
      propertyPath: m_LocalPosition.y
      value: 0
      objectReference: {fileID: 0}
    - target: {fileID: 215478478143996301, guid: 853aa29331c2d104abe6d4e2457eaa40,
        type: 3}
      propertyPath: m_LocalPosition.z
      value: 0
      objectReference: {fileID: 0}
    - target: {fileID: 215478478143996301, guid: 853aa29331c2d104abe6d4e2457eaa40,
        type: 3}
      propertyPath: m_LocalRotation.x
      value: 0
      objectReference: {fileID: 0}
    - target: {fileID: 215478478143996301, guid: 853aa29331c2d104abe6d4e2457eaa40,
        type: 3}
      propertyPath: m_LocalRotation.y
      value: 0
      objectReference: {fileID: 0}
    - target: {fileID: 215478478143996301, guid: 853aa29331c2d104abe6d4e2457eaa40,
        type: 3}
      propertyPath: m_LocalRotation.z
      value: 0
      objectReference: {fileID: 0}
    - target: {fileID: 215478478143996301, guid: 853aa29331c2d104abe6d4e2457eaa40,
        type: 3}
      propertyPath: m_LocalRotation.w
      value: 1
      objectReference: {fileID: 0}
    - target: {fileID: 215478478143996301, guid: 853aa29331c2d104abe6d4e2457eaa40,
        type: 3}
      propertyPath: m_RootOrder
      value: 1
      objectReference: {fileID: 0}
    - target: {fileID: 215478478143996301, guid: 853aa29331c2d104abe6d4e2457eaa40,
        type: 3}
      propertyPath: m_LocalEulerAnglesHint.x
      value: 0
      objectReference: {fileID: 0}
    - target: {fileID: 215478478143996301, guid: 853aa29331c2d104abe6d4e2457eaa40,
        type: 3}
      propertyPath: m_LocalEulerAnglesHint.y
      value: 0
      objectReference: {fileID: 0}
    - target: {fileID: 215478478143996301, guid: 853aa29331c2d104abe6d4e2457eaa40,
        type: 3}
      propertyPath: m_LocalEulerAnglesHint.z
      value: 0
      objectReference: {fileID: 0}
    - target: {fileID: 215478478143996301, guid: 853aa29331c2d104abe6d4e2457eaa40,
        type: 3}
      propertyPath: m_AnchoredPosition.x
      value: -544
      objectReference: {fileID: 0}
    - target: {fileID: 215478478143996301, guid: 853aa29331c2d104abe6d4e2457eaa40,
        type: 3}
      propertyPath: m_AnchoredPosition.y
      value: -277
      objectReference: {fileID: 0}
    - target: {fileID: 215478478143996301, guid: 853aa29331c2d104abe6d4e2457eaa40,
        type: 3}
      propertyPath: m_SizeDelta.x
      value: 70
      objectReference: {fileID: 0}
    - target: {fileID: 215478478143996301, guid: 853aa29331c2d104abe6d4e2457eaa40,
        type: 3}
      propertyPath: m_SizeDelta.y
      value: 70
      objectReference: {fileID: 0}
    - target: {fileID: 215478478143996301, guid: 853aa29331c2d104abe6d4e2457eaa40,
        type: 3}
      propertyPath: m_AnchorMin.x
      value: 0.5
      objectReference: {fileID: 0}
    - target: {fileID: 215478478143996301, guid: 853aa29331c2d104abe6d4e2457eaa40,
        type: 3}
      propertyPath: m_AnchorMin.y
      value: 0.5
      objectReference: {fileID: 0}
    - target: {fileID: 215478478143996301, guid: 853aa29331c2d104abe6d4e2457eaa40,
        type: 3}
      propertyPath: m_AnchorMax.x
      value: 0.5
      objectReference: {fileID: 0}
    - target: {fileID: 215478478143996301, guid: 853aa29331c2d104abe6d4e2457eaa40,
        type: 3}
      propertyPath: m_AnchorMax.y
      value: 0.5
      objectReference: {fileID: 0}
    - target: {fileID: 215478478143996301, guid: 853aa29331c2d104abe6d4e2457eaa40,
        type: 3}
      propertyPath: m_Pivot.x
      value: 0.5
      objectReference: {fileID: 0}
    - target: {fileID: 215478478143996301, guid: 853aa29331c2d104abe6d4e2457eaa40,
        type: 3}
      propertyPath: m_Pivot.y
      value: 0.5
      objectReference: {fileID: 0}
    - target: {fileID: 215478478143996300, guid: 853aa29331c2d104abe6d4e2457eaa40,
        type: 3}
      propertyPath: m_Name
      value: Smaller Player Bars
      objectReference: {fileID: 0}
    m_RemovedComponents: []
  m_SourcePrefab: {fileID: 100100000, guid: 853aa29331c2d104abe6d4e2457eaa40, type: 3}
--- !u!1001 &3683994380335812352
PrefabInstance:
  m_ObjectHideFlags: 0
  serializedVersion: 2
  m_Modification:
    m_TransformParent: {fileID: 0}
    m_Modifications:
    - target: {fileID: 2135396961935140174, guid: 192937277235d1e4ab5d668bd340db3f,
        type: 3}
      propertyPath: m_LocalPosition.x
      value: 0
      objectReference: {fileID: 0}
    - target: {fileID: 2135396961935140174, guid: 192937277235d1e4ab5d668bd340db3f,
        type: 3}
      propertyPath: m_LocalPosition.y
      value: 0
      objectReference: {fileID: 0}
    - target: {fileID: 2135396961935140174, guid: 192937277235d1e4ab5d668bd340db3f,
        type: 3}
      propertyPath: m_LocalPosition.z
      value: 0
      objectReference: {fileID: 0}
    - target: {fileID: 2135396961935140174, guid: 192937277235d1e4ab5d668bd340db3f,
        type: 3}
      propertyPath: m_LocalRotation.x
      value: 0
      objectReference: {fileID: 0}
    - target: {fileID: 2135396961935140174, guid: 192937277235d1e4ab5d668bd340db3f,
        type: 3}
      propertyPath: m_LocalRotation.y
      value: 0
      objectReference: {fileID: 0}
    - target: {fileID: 2135396961935140174, guid: 192937277235d1e4ab5d668bd340db3f,
        type: 3}
      propertyPath: m_LocalRotation.z
      value: 0
      objectReference: {fileID: 0}
    - target: {fileID: 2135396961935140174, guid: 192937277235d1e4ab5d668bd340db3f,
        type: 3}
      propertyPath: m_LocalRotation.w
      value: 1
      objectReference: {fileID: 0}
    - target: {fileID: 2135396961935140174, guid: 192937277235d1e4ab5d668bd340db3f,
        type: 3}
      propertyPath: m_RootOrder
      value: 4
      objectReference: {fileID: 0}
    - target: {fileID: 2135396961935140174, guid: 192937277235d1e4ab5d668bd340db3f,
        type: 3}
      propertyPath: m_LocalEulerAnglesHint.x
      value: 0
      objectReference: {fileID: 0}
    - target: {fileID: 2135396961935140174, guid: 192937277235d1e4ab5d668bd340db3f,
        type: 3}
      propertyPath: m_LocalEulerAnglesHint.y
      value: 0
      objectReference: {fileID: 0}
    - target: {fileID: 2135396961935140174, guid: 192937277235d1e4ab5d668bd340db3f,
        type: 3}
      propertyPath: m_LocalEulerAnglesHint.z
      value: 0
      objectReference: {fileID: 0}
    - target: {fileID: 2135396961935140174, guid: 192937277235d1e4ab5d668bd340db3f,
        type: 3}
      propertyPath: m_AnchoredPosition.x
      value: -544
      objectReference: {fileID: 0}
    - target: {fileID: 2135396961935140174, guid: 192937277235d1e4ab5d668bd340db3f,
        type: 3}
      propertyPath: m_AnchoredPosition.y
      value: -277
      objectReference: {fileID: 0}
    - target: {fileID: 2135396961935140174, guid: 192937277235d1e4ab5d668bd340db3f,
        type: 3}
      propertyPath: m_SizeDelta.x
      value: 70
      objectReference: {fileID: 0}
    - target: {fileID: 2135396961935140174, guid: 192937277235d1e4ab5d668bd340db3f,
        type: 3}
      propertyPath: m_SizeDelta.y
      value: 70
      objectReference: {fileID: 0}
    - target: {fileID: 2135396961935140174, guid: 192937277235d1e4ab5d668bd340db3f,
        type: 3}
      propertyPath: m_AnchorMin.x
      value: 0.5
      objectReference: {fileID: 0}
    - target: {fileID: 2135396961935140174, guid: 192937277235d1e4ab5d668bd340db3f,
        type: 3}
      propertyPath: m_AnchorMin.y
      value: 0.5
      objectReference: {fileID: 0}
    - target: {fileID: 2135396961935140174, guid: 192937277235d1e4ab5d668bd340db3f,
        type: 3}
      propertyPath: m_AnchorMax.x
      value: 0.5
      objectReference: {fileID: 0}
    - target: {fileID: 2135396961935140174, guid: 192937277235d1e4ab5d668bd340db3f,
        type: 3}
      propertyPath: m_AnchorMax.y
      value: 0.5
      objectReference: {fileID: 0}
    - target: {fileID: 2135396961935140174, guid: 192937277235d1e4ab5d668bd340db3f,
        type: 3}
      propertyPath: m_Pivot.x
      value: 0.5
      objectReference: {fileID: 0}
    - target: {fileID: 2135396961935140174, guid: 192937277235d1e4ab5d668bd340db3f,
        type: 3}
      propertyPath: m_Pivot.y
      value: 0.5
      objectReference: {fileID: 0}
    - target: {fileID: 2135396961935140175, guid: 192937277235d1e4ab5d668bd340db3f,
        type: 3}
      propertyPath: m_Name
      value: Food Radial Bar
      objectReference: {fileID: 0}
    - target: {fileID: 2135396963405324887, guid: 192937277235d1e4ab5d668bd340db3f,
        type: 3}
      propertyPath: m_Color.r
      value: 0.38892844
      objectReference: {fileID: 0}
    - target: {fileID: 2135396963405324887, guid: 192937277235d1e4ab5d668bd340db3f,
        type: 3}
      propertyPath: m_Color.g
      value: 0.8679245
      objectReference: {fileID: 0}
    - target: {fileID: 2135396963405324887, guid: 192937277235d1e4ab5d668bd340db3f,
        type: 3}
      propertyPath: m_Color.b
      value: 0.539779
      objectReference: {fileID: 0}
    m_RemovedComponents: []
  m_SourcePrefab: {fileID: 100100000, guid: 192937277235d1e4ab5d668bd340db3f, type: 3}
--- !u!1001 &4297240288756670106
PrefabInstance:
  m_ObjectHideFlags: 0
  serializedVersion: 2
  m_Modification:
    m_TransformParent: {fileID: 590362367}
    m_Modifications:
    - target: {fileID: 4297240287770224932, guid: 571a3761bfa7e7a43a875b85100134dd,
        type: 3}
      propertyPath: m_LocalPosition.x
      value: 0
      objectReference: {fileID: 0}
    - target: {fileID: 4297240287770224932, guid: 571a3761bfa7e7a43a875b85100134dd,
        type: 3}
      propertyPath: m_LocalPosition.y
      value: 6.624
      objectReference: {fileID: 0}
    - target: {fileID: 4297240287770224932, guid: 571a3761bfa7e7a43a875b85100134dd,
        type: 3}
      propertyPath: m_LocalPosition.z
      value: 0
      objectReference: {fileID: 0}
    - target: {fileID: 4297240287770224932, guid: 571a3761bfa7e7a43a875b85100134dd,
        type: 3}
      propertyPath: m_LocalRotation.x
      value: -0
      objectReference: {fileID: 0}
    - target: {fileID: 4297240287770224932, guid: 571a3761bfa7e7a43a875b85100134dd,
        type: 3}
      propertyPath: m_LocalRotation.y
      value: -0
      objectReference: {fileID: 0}
    - target: {fileID: 4297240287770224932, guid: 571a3761bfa7e7a43a875b85100134dd,
        type: 3}
      propertyPath: m_LocalRotation.z
      value: -0
      objectReference: {fileID: 0}
    - target: {fileID: 4297240287770224932, guid: 571a3761bfa7e7a43a875b85100134dd,
        type: 3}
      propertyPath: m_LocalRotation.w
      value: 1
      objectReference: {fileID: 0}
    - target: {fileID: 4297240287770224932, guid: 571a3761bfa7e7a43a875b85100134dd,
        type: 3}
      propertyPath: m_RootOrder
      value: 0
      objectReference: {fileID: 0}
    - target: {fileID: 4297240287770224932, guid: 571a3761bfa7e7a43a875b85100134dd,
        type: 3}
      propertyPath: m_LocalEulerAnglesHint.x
      value: 0
      objectReference: {fileID: 0}
    - target: {fileID: 4297240287770224932, guid: 571a3761bfa7e7a43a875b85100134dd,
        type: 3}
      propertyPath: m_LocalEulerAnglesHint.y
      value: 0
      objectReference: {fileID: 0}
    - target: {fileID: 4297240287770224932, guid: 571a3761bfa7e7a43a875b85100134dd,
        type: 3}
      propertyPath: m_LocalEulerAnglesHint.z
      value: 0
      objectReference: {fileID: 0}
    - target: {fileID: 4297240287770391812, guid: 571a3761bfa7e7a43a875b85100134dd,
        type: 3}
      propertyPath: m_Name
      value: FPSController Standin
      objectReference: {fileID: 0}
    - target: {fileID: 4297240287770391814, guid: 571a3761bfa7e7a43a875b85100134dd,
        type: 3}
      propertyPath: m_TagString
      value: Untagged
      objectReference: {fileID: 0}
    - target: {fileID: 4297240287770720036, guid: 571a3761bfa7e7a43a875b85100134dd,
        type: 3}
      propertyPath: near clip plane
      value: 0.1
      objectReference: {fileID: 0}
    - target: {fileID: 751928981, guid: 571a3761bfa7e7a43a875b85100134dd, type: 3}
      propertyPath: m_Enabled
      value: 1
      objectReference: {fileID: 0}
    - target: {fileID: 4297240287770391812, guid: 571a3761bfa7e7a43a875b85100134dd,
        type: 3}
      propertyPath: m_Layer
      value: 10
      objectReference: {fileID: 0}
    - target: {fileID: 4297240287770391814, guid: 571a3761bfa7e7a43a875b85100134dd,
        type: 3}
      propertyPath: m_Layer
      value: 10
      objectReference: {fileID: 0}
    - target: {fileID: 4297240287770391812, guid: 571a3761bfa7e7a43a875b85100134dd,
        type: 3}
      propertyPath: m_TagString
      value: Fake Player
      objectReference: {fileID: 0}
    - target: {fileID: 4297240287777336068, guid: 571a3761bfa7e7a43a875b85100134dd,
        type: 3}
      propertyPath: m_Enabled
      value: 0
      objectReference: {fileID: 0}
    - target: {fileID: 4297240287781250370, guid: 571a3761bfa7e7a43a875b85100134dd,
        type: 3}
      propertyPath: m_Enabled
      value: 0
      objectReference: {fileID: 0}
    - target: {fileID: 751928983, guid: 571a3761bfa7e7a43a875b85100134dd, type: 3}
      propertyPath: m_Height
      value: 1.7
      objectReference: {fileID: 0}
    - target: {fileID: 751928983, guid: 571a3761bfa7e7a43a875b85100134dd, type: 3}
      propertyPath: m_Radius
      value: 0.472
      objectReference: {fileID: 0}
    - target: {fileID: 4297240287770224934, guid: 571a3761bfa7e7a43a875b85100134dd,
        type: 3}
      propertyPath: m_LocalPosition.y
      value: 0.7
      objectReference: {fileID: 0}
    - target: {fileID: 4297240287770720036, guid: 571a3761bfa7e7a43a875b85100134dd,
        type: 3}
      propertyPath: m_CullingMask.m_Bits
      value: 67895
      objectReference: {fileID: 0}
    m_RemovedComponents: []
  m_SourcePrefab: {fileID: 100100000, guid: 571a3761bfa7e7a43a875b85100134dd, type: 3}
--- !u!1001 &4676299240784689789
PrefabInstance:
  m_ObjectHideFlags: 0
  serializedVersion: 2
  m_Modification:
    m_TransformParent: {fileID: 0}
    m_Modifications:
    - target: {fileID: 2135396961935140174, guid: 192937277235d1e4ab5d668bd340db3f,
        type: 3}
      propertyPath: m_LocalPosition.x
      value: 0
      objectReference: {fileID: 0}
    - target: {fileID: 2135396961935140174, guid: 192937277235d1e4ab5d668bd340db3f,
        type: 3}
      propertyPath: m_LocalPosition.y
      value: 0
      objectReference: {fileID: 0}
    - target: {fileID: 2135396961935140174, guid: 192937277235d1e4ab5d668bd340db3f,
        type: 3}
      propertyPath: m_LocalPosition.z
      value: 0
      objectReference: {fileID: 0}
    - target: {fileID: 2135396961935140174, guid: 192937277235d1e4ab5d668bd340db3f,
        type: 3}
      propertyPath: m_LocalRotation.x
      value: 0
      objectReference: {fileID: 0}
    - target: {fileID: 2135396961935140174, guid: 192937277235d1e4ab5d668bd340db3f,
        type: 3}
      propertyPath: m_LocalRotation.y
      value: 0
      objectReference: {fileID: 0}
    - target: {fileID: 2135396961935140174, guid: 192937277235d1e4ab5d668bd340db3f,
        type: 3}
      propertyPath: m_LocalRotation.z
      value: 0
      objectReference: {fileID: 0}
    - target: {fileID: 2135396961935140174, guid: 192937277235d1e4ab5d668bd340db3f,
        type: 3}
      propertyPath: m_LocalRotation.w
      value: 1
      objectReference: {fileID: 0}
    - target: {fileID: 2135396961935140174, guid: 192937277235d1e4ab5d668bd340db3f,
        type: 3}
      propertyPath: m_RootOrder
      value: 3
      objectReference: {fileID: 0}
    - target: {fileID: 2135396961935140174, guid: 192937277235d1e4ab5d668bd340db3f,
        type: 3}
      propertyPath: m_LocalEulerAnglesHint.x
      value: 0
      objectReference: {fileID: 0}
    - target: {fileID: 2135396961935140174, guid: 192937277235d1e4ab5d668bd340db3f,
        type: 3}
      propertyPath: m_LocalEulerAnglesHint.y
      value: 0
      objectReference: {fileID: 0}
    - target: {fileID: 2135396961935140174, guid: 192937277235d1e4ab5d668bd340db3f,
        type: 3}
      propertyPath: m_LocalEulerAnglesHint.z
      value: 0
      objectReference: {fileID: 0}
    - target: {fileID: 2135396961935140174, guid: 192937277235d1e4ab5d668bd340db3f,
        type: 3}
      propertyPath: m_AnchoredPosition.x
      value: -544
      objectReference: {fileID: 0}
    - target: {fileID: 2135396961935140174, guid: 192937277235d1e4ab5d668bd340db3f,
        type: 3}
      propertyPath: m_AnchoredPosition.y
      value: -277
      objectReference: {fileID: 0}
    - target: {fileID: 2135396961935140174, guid: 192937277235d1e4ab5d668bd340db3f,
        type: 3}
      propertyPath: m_SizeDelta.x
      value: 70
      objectReference: {fileID: 0}
    - target: {fileID: 2135396961935140174, guid: 192937277235d1e4ab5d668bd340db3f,
        type: 3}
      propertyPath: m_SizeDelta.y
      value: 70
      objectReference: {fileID: 0}
    - target: {fileID: 2135396961935140174, guid: 192937277235d1e4ab5d668bd340db3f,
        type: 3}
      propertyPath: m_AnchorMin.x
      value: 0.5
      objectReference: {fileID: 0}
    - target: {fileID: 2135396961935140174, guid: 192937277235d1e4ab5d668bd340db3f,
        type: 3}
      propertyPath: m_AnchorMin.y
      value: 0.5
      objectReference: {fileID: 0}
    - target: {fileID: 2135396961935140174, guid: 192937277235d1e4ab5d668bd340db3f,
        type: 3}
      propertyPath: m_AnchorMax.x
      value: 0.5
      objectReference: {fileID: 0}
    - target: {fileID: 2135396961935140174, guid: 192937277235d1e4ab5d668bd340db3f,
        type: 3}
      propertyPath: m_AnchorMax.y
      value: 0.5
      objectReference: {fileID: 0}
    - target: {fileID: 2135396961935140174, guid: 192937277235d1e4ab5d668bd340db3f,
        type: 3}
      propertyPath: m_Pivot.x
      value: 0.5
      objectReference: {fileID: 0}
    - target: {fileID: 2135396961935140174, guid: 192937277235d1e4ab5d668bd340db3f,
        type: 3}
      propertyPath: m_Pivot.y
      value: 0.5
      objectReference: {fileID: 0}
    - target: {fileID: 2135396961935140175, guid: 192937277235d1e4ab5d668bd340db3f,
        type: 3}
      propertyPath: m_Name
      value: Water Radial Bar
      objectReference: {fileID: 0}
    - target: {fileID: 2135396963405324887, guid: 192937277235d1e4ab5d668bd340db3f,
        type: 3}
      propertyPath: m_Color.r
      value: 0.41117835
      objectReference: {fileID: 0}
    - target: {fileID: 2135396963405324887, guid: 192937277235d1e4ab5d668bd340db3f,
        type: 3}
      propertyPath: m_Color.g
      value: 0.82124835
      objectReference: {fileID: 0}
    - target: {fileID: 2135396963405324887, guid: 192937277235d1e4ab5d668bd340db3f,
        type: 3}
      propertyPath: m_Color.b
      value: 0.8301887
      objectReference: {fileID: 0}
    m_RemovedComponents: []
  m_SourcePrefab: {fileID: 100100000, guid: 192937277235d1e4ab5d668bd340db3f, type: 3}
--- !u!1001 &7735461012040899523
PrefabInstance:
  m_ObjectHideFlags: 0
  serializedVersion: 2
  m_Modification:
    m_TransformParent: {fileID: 0}
    m_Modifications:
    - target: {fileID: 2135396961935140174, guid: 192937277235d1e4ab5d668bd340db3f,
        type: 3}
      propertyPath: m_LocalPosition.x
      value: 0
      objectReference: {fileID: 0}
    - target: {fileID: 2135396961935140174, guid: 192937277235d1e4ab5d668bd340db3f,
        type: 3}
      propertyPath: m_LocalPosition.y
      value: 0
      objectReference: {fileID: 0}
    - target: {fileID: 2135396961935140174, guid: 192937277235d1e4ab5d668bd340db3f,
        type: 3}
      propertyPath: m_LocalPosition.z
      value: 0
      objectReference: {fileID: 0}
    - target: {fileID: 2135396961935140174, guid: 192937277235d1e4ab5d668bd340db3f,
        type: 3}
      propertyPath: m_LocalRotation.x
      value: 0
      objectReference: {fileID: 0}
    - target: {fileID: 2135396961935140174, guid: 192937277235d1e4ab5d668bd340db3f,
        type: 3}
      propertyPath: m_LocalRotation.y
      value: 0
      objectReference: {fileID: 0}
    - target: {fileID: 2135396961935140174, guid: 192937277235d1e4ab5d668bd340db3f,
        type: 3}
      propertyPath: m_LocalRotation.z
      value: 0
      objectReference: {fileID: 0}
    - target: {fileID: 2135396961935140174, guid: 192937277235d1e4ab5d668bd340db3f,
        type: 3}
      propertyPath: m_LocalRotation.w
      value: 1
      objectReference: {fileID: 0}
    - target: {fileID: 2135396961935140174, guid: 192937277235d1e4ab5d668bd340db3f,
        type: 3}
      propertyPath: m_RootOrder
      value: 2
      objectReference: {fileID: 0}
    - target: {fileID: 2135396961935140174, guid: 192937277235d1e4ab5d668bd340db3f,
        type: 3}
      propertyPath: m_LocalEulerAnglesHint.x
      value: 0
      objectReference: {fileID: 0}
    - target: {fileID: 2135396961935140174, guid: 192937277235d1e4ab5d668bd340db3f,
        type: 3}
      propertyPath: m_LocalEulerAnglesHint.y
      value: 0
      objectReference: {fileID: 0}
    - target: {fileID: 2135396961935140174, guid: 192937277235d1e4ab5d668bd340db3f,
        type: 3}
      propertyPath: m_LocalEulerAnglesHint.z
      value: 0
      objectReference: {fileID: 0}
    - target: {fileID: 2135396961935140174, guid: 192937277235d1e4ab5d668bd340db3f,
        type: 3}
      propertyPath: m_AnchoredPosition.x
      value: -544
      objectReference: {fileID: 0}
    - target: {fileID: 2135396961935140174, guid: 192937277235d1e4ab5d668bd340db3f,
        type: 3}
      propertyPath: m_AnchoredPosition.y
      value: -277
      objectReference: {fileID: 0}
    - target: {fileID: 2135396961935140174, guid: 192937277235d1e4ab5d668bd340db3f,
        type: 3}
      propertyPath: m_SizeDelta.x
      value: 70
      objectReference: {fileID: 0}
    - target: {fileID: 2135396961935140174, guid: 192937277235d1e4ab5d668bd340db3f,
        type: 3}
      propertyPath: m_SizeDelta.y
      value: 70
      objectReference: {fileID: 0}
    - target: {fileID: 2135396961935140174, guid: 192937277235d1e4ab5d668bd340db3f,
        type: 3}
      propertyPath: m_AnchorMin.x
      value: 0.5
      objectReference: {fileID: 0}
    - target: {fileID: 2135396961935140174, guid: 192937277235d1e4ab5d668bd340db3f,
        type: 3}
      propertyPath: m_AnchorMin.y
      value: 0.5
      objectReference: {fileID: 0}
    - target: {fileID: 2135396961935140174, guid: 192937277235d1e4ab5d668bd340db3f,
        type: 3}
      propertyPath: m_AnchorMax.x
      value: 0.5
      objectReference: {fileID: 0}
    - target: {fileID: 2135396961935140174, guid: 192937277235d1e4ab5d668bd340db3f,
        type: 3}
      propertyPath: m_AnchorMax.y
      value: 0.5
      objectReference: {fileID: 0}
    - target: {fileID: 2135396961935140174, guid: 192937277235d1e4ab5d668bd340db3f,
        type: 3}
      propertyPath: m_Pivot.x
      value: 0.5
      objectReference: {fileID: 0}
    - target: {fileID: 2135396961935140174, guid: 192937277235d1e4ab5d668bd340db3f,
        type: 3}
      propertyPath: m_Pivot.y
      value: 0.5
      objectReference: {fileID: 0}
    - target: {fileID: 2135396961935140175, guid: 192937277235d1e4ab5d668bd340db3f,
        type: 3}
      propertyPath: m_Name
      value: Heat Radial Bar
      objectReference: {fileID: 0}
    - target: {fileID: 2135396963405324887, guid: 192937277235d1e4ab5d668bd340db3f,
        type: 3}
      propertyPath: m_Color.g
      value: 0.61752665
      objectReference: {fileID: 0}
    - target: {fileID: 2135396963405324887, guid: 192937277235d1e4ab5d668bd340db3f,
        type: 3}
      propertyPath: m_Color.b
      value: 0
      objectReference: {fileID: 0}
    - target: {fileID: 2135396963405324887, guid: 192937277235d1e4ab5d668bd340db3f,
        type: 3}
      propertyPath: m_Color.r
      value: 1
      objectReference: {fileID: 0}
    m_RemovedComponents: []
  m_SourcePrefab: {fileID: 100100000, guid: 192937277235d1e4ab5d668bd340db3f, type: 3}
